


@Journal{ advencing_front,
	title={ NETGEN An advancing front 2D/3D-mesh generator based on abstract rules },
	authors={ Joachim Schöberl },
	journal={ Computing and Visualization in Science },
	year={ 1997 },
	publisher={ Springer-Verlag },
	volume={ 1 },
	pages={ 41-52 },
	number={ 1 },
	
	
	doi={ 10.1007/S007910050004 },  
}

@INPROCEEDINGS{Holzer.S,
	author={Holzer, S. and Rusu, R. B. and Dixon, M. and Gedikli, S. and Navab, N.},
	booktitle={2012 IEEE/RSJ International Conference on Intelligent Robots and Systems}, 
	title={Adaptive neighborhood selection for real-time surface normal estimation from organized point cloud data using integral images}, 
	year={2012},
	volume={},
	number={},
	pages={2684-2689},
	doi={10.1109/IROS.2012.6385999}}



@article{photometric-stereo,
	author = {Woodham, Robert},
	year = {1992},
	month = {01},
	pages = {},
	title = {Photometric Method for Determining Surface Orientation from Multiple Images},
	volume = {19},
	journal = {Optical Engineering},
	doi = {10.1117/12.7972479}
}



@article{lambertian-reflectance,
	author = {Liu, Peng and Woo, Wai Lok and Dlay, S.s},
	year = {2009},
	month = {01},
	pages = {},
	title = {One colored image based 2.5D human face reconstruction}
}



@misc{yolov3,
	doi = {10.48550/ARXIV.1804.02767},
	
	url = {https://arxiv.org/abs/1804.02767},
	
	author = {Redmon, Joseph and Farhadi, Ali},
	
	keywords = {Computer Vision and Pattern Recognition (cs.CV), FOS: Computer and information sciences, FOS: Computer and information sciences},
	
	title = {YOLOv3: An Incremental Improvement},
	
	publisher = {arXiv},
	
	year = {2018},
	
	copyright = {arXiv.org perpetual, non-exclusive license}
}


@article{efficientDet,
	doi = {10.48550/ARXIV.1911.09070},
	
	url = {https://arxiv.org/abs/1911.09070},
	
	author = {Tan, Mingxing and Pang, Ruoming and Le, Quoc V.},
	
	keywords = {Computer Vision and Pattern Recognition (cs.CV), Machine Learning (cs.LG), Image and Video Processing (eess.IV), FOS: Computer and information sciences, FOS: Computer and information sciences, FOS: Electrical engineering, electronic engineering, information engineering, FOS: Electrical engineering, electronic engineering, information engineering},
	
	title = {EfficientDet: Scalable and Efficient Object Detection},
	
	publisher = {arXiv},
	
	year = {2019},
	
	copyright = {arXiv.org perpetual, non-exclusive license}
}







@article{pncnn0,
	doi = {10.1109/tpami.2019.2929170},
	
	url = {https://doi.org/10.1109%2Ftpami.2019.2929170},
	
	year = 2020,
	month = {oct},
	
	publisher = {Institute of Electrical and Electronics Engineers ({IEEE})},
	
	volume = {42},
	
	number = {10},
	
	pages = {2423--2436},
	
	author = {Abdelrahman Eldesokey and Michael Felsberg and Fahad Shahbaz Khan},
	
	title = {Confidence Propagation through {CNNs} for Guided Sparse Depth Regression},
	
	journal = {{IEEE} Transactions on Pattern Analysis and Machine Intelligence}
}




@misc{gated_activation,
	doi = {10.48550/ARXIV.1606.05328},
	
	url = {https://arxiv.org/abs/1606.05328},
	
	author = {Oord, Aaron van den and Kalchbrenner, Nal and Vinyals, Oriol and Espeholt, Lasse and Graves, Alex and Kavukcuoglu, Koray},
	
	keywords = {Computer Vision and Pattern Recognition (cs.CV), Machine Learning (cs.LG), FOS: Computer and information sciences, FOS: Computer and information sciences},
	
	title = {Conditional Image Generation with PixelCNN Decoders},
	
	publisher = {arXiv},
	
	year = {2016},
	
	copyright = {arXiv.org perpetual, non-exclusive license}
}


@article{lstm,
	author = {Hochreiter, Sepp and Schmidhuber, Jürgen},
	year = {1997},
	month = {12},
	pages = {1735-80},
	title = {Long Short-term Memory},
	volume = {9},
	journal = {Neural computation},
	doi = {10.1162/neco.1997.9.8.1735}
}


@misc{gru,
	doi = {10.48550/ARXIV.1409.1259},
	
	url = {https://arxiv.org/abs/1409.1259},
	
	author = {Cho, Kyunghyun and van Merrienboer, Bart and Bahdanau, Dzmitry and Bengio, Yoshua},
	
	keywords = {Computation and Language (cs.CL), Machine Learning (stat.ML), FOS: Computer and information sciences, FOS: Computer and information sciences},
	
	title = {On the Properties of Neural Machine Translation: Encoder-Decoder Approaches},
	
	publisher = {arXiv},
	
	year = {2014},
	
	copyright = {arXiv.org perpetual, non-exclusive license}
}


@misc{pncnn,
	doi = {10.48550/ARXIV.2006.03349},
	
	url = {https://arxiv.org/abs/2006.03349},
	
	author = {Eldesokey, Abdelrahman and Felsberg, Michael and Holmquist, Karl and Persson, Mikael},
	
	keywords = {Computer Vision and Pattern Recognition (cs.CV), Machine Learning (cs.LG), FOS: Computer and information sciences, FOS: Computer and information sciences},
	
	title = {Uncertainty-Aware CNNs for Depth Completion: Uncertainty from Beginning to End},
	
	publisher = {arXiv},
	
	year = {2020},
	
	copyright = {arXiv.org perpetual, non-exclusive license}
}






@article{inpainting2,
	title = {Structure guided fusion for depth map inpainting},
	journal = {Pattern Recognition Letters},
	volume = {34},
	number = {1},
	pages = {70-76},
	year = {2013},
	note = {Extracting Semantics from Multi-Spectrum Video},
	issn = {0167-8655},
	doi = {https://doi.org/10.1016/j.patrec.2012.06.003},
	url = {https://www.sciencedirect.com/science/article/pii/S0167865512001912},
	author = {Fei Qi and Junyu Han and Pengjin Wang and Guangming Shi and Fu Li},
	keywords = {Depth map, Inpainting, Information fusion, Non-local means, Kinect},
}

@INPROCEEDINGS{nconv,
	author={Knutsson, H. and Westin, C.-F.},
	booktitle={Proceedings of IEEE Conference on Computer Vision and Pattern Recognition}, 
	title={Normalized and differential convolution}, 
	year={1993},
	volume={},
	number={},
	pages={515-523},
	doi={10.1109/CVPR.1993.341081}}

@InProceedings{GeoNet,
	author = {Qi, Xiaojuan and Liao, Renjie and Liu, Zhengzhe and Urtasun, Raquel and Jia, Jiaya},
	title = {GeoNet: Geometric Neural Network for Joint Depth and Surface Normal Estimation},
	booktitle = {Proceedings of the IEEE Conference on Computer Vision and Pattern Recognition (CVPR)},
	month = {June},
	year = {2018}
}


@misc{Eigen,
	doi = {10.48550/ARXIV.1406.2283},
	
	url = {https://arxiv.org/abs/1406.2283},
	
	author = {Eigen, David and Puhrsch, Christian and Fergus, Rob},
	
	keywords = {Computer Vision and Pattern Recognition (cs.CV), FOS: Computer and information sciences, FOS: Computer and information sciences},
	
	title = {Depth Map Prediction from a Single Image using a Multi-Scale Deep Network},
	
	publisher = {arXiv},
	
	year = {2014},
	
	copyright = {arXiv.org perpetual, non-exclusive license}
}


@article{SFS,
	author = {Horn, Berthold},
	url = {http://hdl.handle.net/1721.1/6885},
	year = {2004},
	month = {10},
	pages = {},
	title = {Shape from Shading: A Method for Obtaining the Shape of a Smooth Opaque Object from One View}
}


@misc{img2depth,
	doi = {10.48550/ARXIV.1606.00373},
	
	url = {https://arxiv.org/abs/1606.00373},
	
	author = {Laina, Iro and Rupprecht, Christian and Belagiannis, Vasileios and Tombari, Federico and Navab, Nassir},
	
	keywords = {Computer Vision and Pattern Recognition (cs.CV), FOS: Computer and information sciences, FOS: Computer and information sciences},
	
	title = {Deeper Depth Prediction with Fully Convolutional Residual Networks},
	
	publisher = {arXiv},
	
	year = {2016},
	
	copyright = {arXiv.org perpetual, non-exclusive license}
}


@misc{partial_conv,
	title={Image Inpainting for Irregular Holes Using Partial Convolutions}, 
	author={Guilin Liu and Fitsum A. Reda and Kevin J. Shih and Ting-Chun Wang and Andrew Tao and Bryan Catanzaro},
	year={2018},
	eprint={1804.07723},
	archivePrefix={arXiv},
	primaryClass={cs.CV}
}



@INPROCEEDINGS{geometry_based_solution,
	author={Fouhey, David F. and Gupta, Abhinav and Hebert, Martial},
	booktitle={2013 IEEE International Conference on Computer Vision}, 
	title={Data-Driven 3D Primitives for Single Image Understanding}, 
	year={2013},
	volume={},
	number={},
	pages={3392-3399},
	doi={10.1109/ICCV.2013.421}}




@misc{resnet,
	doi = {10.48550/ARXIV.1512.03385},
	
	url = {https://arxiv.org/abs/1512.03385},
	
	author = {He, Kaiming and Zhang, Xiangyu and Ren, Shaoqing and Sun, Jian},
	
	keywords = {Computer Vision and Pattern Recognition (cs.CV), FOS: Computer and information sciences, FOS: Computer and information sciences},
	
	title = {Deep Residual Learning for Image Recognition},
	
	publisher = {arXiv},
	
	year = {2015},
	
	copyright = {arXiv.org perpetual, non-exclusive license}
}


@online{data1,
	title = {The Stanford 3D Scanning Repository},
	url = {http://www.graphics.stanford.edu/data/3Dscanrep/}
}

@online{data2,
	title = {Computer Graphics Archive},
	author = {Morgan McGuire},
	year = {2017},
	month = {July},
	url = {https://casual-effects.com/data}
}

@online{data3,
	title = {Artec3D},
	author = {Morgan McGuire},
	url = {https://www.artec3d.com/3d-models/art-and-design}
}


@online{data4,
	title = {Smithsonian 3D Digitization},
	url = {https://www.3d.si.edu/explore}
}

@misc{perceptual-loss,
	doi = {10.48550/ARXIV.1603.08155},
	
	url = {https://arxiv.org/abs/1603.08155},
	
	author = {Johnson, Justin and Alahi, Alexandre and Fei-Fei, Li},
	
	keywords = {Computer Vision and Pattern Recognition (cs.CV), Machine Learning (cs.LG), FOS: Computer and information sciences, FOS: Computer and information sciences},
	
	title = {Perceptual Losses for Real-Time Style Transfer and Super-Resolution},
	
	publisher = {arXiv},
	
	year = {2016},
	
	copyright = {arXiv.org perpetual, non-exclusive license}
}

@misc{adam,
	doi = {10.48550/ARXIV.1412.6980},
	
	url = {https://arxiv.org/abs/1412.6980},
	
	author = {Kingma, Diederik P. and Ba, Jimmy},
	
	keywords = {Machine Learning (cs.LG), FOS: Computer and information sciences, FOS: Computer and information sciences},
	
	title = {Adam: A Method for Stochastic Optimization},
	
	publisher = {arXiv},
	
	year = {2014},
	
	copyright = {arXiv.org perpetual, non-exclusive license}
}
@article{ncnn,
	doi = {10.1109/tpami.2019.2929170},
	
	url = {https://doi.org/10.1109%2Ftpami.2019.2929170},
	
	year = 2020,
	month = {oct},
	
	publisher = {Institute of Electrical and Electronics Engineers ({IEEE})},
	
	volume = {42},
	
	number = {10},
	
	pages = {2423--2436},
	
	author = {Abdelrahman Eldesokey and Michael Felsberg and Fahad Shahbaz Khan},
	
	title = {Confidence Propagation through {CNNs} for Guided Sparse Depth Regression},
	
	journal = {{IEEE} Transactions on Pattern Analysis and Machine Intelligence}
}

@article{nconv,
	author = {Knutsson, Hans and Westin, Carl-Fredrik},
	year = {1993},
	month = {01},
	pages = {},
	title = {Normalized and Difierential Convolution Methods for Interpolation and Filtering of Incomplete and Uncertain Data}
}

@misc{unet,
	title={U-Net: Convolutional Networks for Biomedical Image Segmentation}, 
	author={Olaf Ronneberger and Philipp Fischer and Thomas Brox},
	year={2015},
	eprint={1505.04597},
	archivePrefix={arXiv},
	primaryClass={cs.CV}
}

@misc{gconv,
	doi = {10.48550/ARXIV.1806.03589},
	url = {https://arxiv.org/abs/1806.03589},
	author = {Yu, Jiahui and Lin, Zhe and Yang, Jimei and Shen, Xiaohui and Lu, Xin and Huang, Thomas},
	keywords = {Computer Vision and Pattern Recognition (cs.CV), Graphics (cs.GR), Machine Learning (cs.LG), FOS: Computer and information sciences, FOS: Computer and information sciences},
	title = {Free-Form Image Inpainting with Gated Convolution},
	publisher = {arXiv},
	year = {2018},
	copyright = {arXiv.org perpetual, non-exclusive license}
}

@inproceedings{depth-enhance-guided,
	author = {Hua, Jiashen and Gong, Xiaojin},
	title = {A Normalized Convolutional Neural Network for Guided Sparse Depth Upsampling},
	year = {2018},
	isbn = {9780999241127},
	publisher = {AAAI Press},
	booktitle = {Proceedings of the 27th International Joint Conference on Artificial Intelligence},
	pages = {2283–2290},
	numpages = {8},
	location = {Stockholm, Sweden},
	series = {IJCAI'18}
}

@misc{unstructed-pc-patch-stitching,
	title={Fast and Accurate Normal Estimation for Point Cloud via Patch Stitching}, 
	author={Jun Zhou and Wei Jin and Mingjie Wang and Xiuping Liu and Zhiyang Li and Zhaobin Liu},
	year={2021},
	eprint={2103.16066},
	archivePrefix={arXiv},
	primaryClass={cs.CV}
}


@InProceedings{unstructed-pc,
	author = {Ben-Shabat, Yizhak and Lindenbaum, Michael and Fischer, Anath},
	title = {Nesti-Net: Normal Estimation for Unstructured 3D Point Clouds Using Convolutional Neural Networks},
	booktitle = {Proceedings of the IEEE/CVF Conference on Computer Vision and Pattern Recognition (CVPR)},
	month = {June},
	year = {2019}
}

@INPROCEEDINGS{depth-inpainting-distribution,
	author={Yang, Na-Eun and Kim, Yong-Gon and Park, Rae-Hong},
	booktitle={2012 IEEE International Conference on Signal Processing, Communication and Computing (ICSPCC 2012)}, 
	title={Depth hole filling using the depth distribution of neighboring regions of depth holes in the Kinect sensor}, 
	year={2012},
	volume={},
	number={},
	pages={658-661},
	doi={10.1109/ICSPCC.2012.6335696}}


@INPROCEEDINGS{optimized-methods,
	author={Klasing, Klaas and Althoff, Daniel and Wollherr, Dirk and Buss, Martin},
	booktitle={2009 IEEE International Conference on Robotics and Automation}, 
	title={Comparison of surface normal estimation methods for range sensing applications}, 
	year={2009},
	volume={},
	number={},
	pages={3206-3211},
	doi={10.1109/ROBOT.2009.5152493}}

@INPROCEEDINGS{hfm,
	author={Zeng, Jin and Tong, Yanfeng and Huang, Yunmu and Yan, Qiong and Sun, Wenxiu and Chen, Jing and Wang, Yongtian},
	booktitle={2019 IEEE/CVF Conference on Computer Vision and Pattern Recognition (CVPR)}, 
	title={Deep Surface Normal Estimation With Hierarchical RGB-D Fusion}, 
	year={2019},
	volume={},
	number={},
	pages={6146-6155},
	doi={10.1109/CVPR.2019.00631}}


@inproceedings{nyu,
	author = {Silberman, Nathan and Hoiem, Derek and Kohli, Pushmeet and Fergus, Rob},
	title = {Indoor Segmentation and Support Inference from RGBD Images},
	booktitle = {ECCV'12 Proceedings of the 12th European conference on Computer Vision - Volume Part V},
	year = {2012},
	month = {October},
	publisher = {Springer-Verlag Berlin},
	url = {https://www.microsoft.com/en-us/research/publication/indoor-segmentation-support-inference-rgbd-images/},
	pages = {746-760},
	isbn = {978-3-642-33714-7},
	edition = {ECCV'12 Proceedings of the 12th European conference on Computer Vision - Volume Part V},
}


@INPROCEEDINGS{kitti-depth,
	author = {Jonas Uhrig and Nick Schneider and Lukas Schneider and Uwe Franke and Thomas Brox and Andreas Geiger},
	title = {Sparsity Invariant CNNs},
	booktitle = {International Conference on 3D Vision (3DV)},
	year = {2017}
}


@misc{binsformer,
	doi = {10.48550/ARXIV.2204.00987},
	
	url = {https://arxiv.org/abs/2204.00987},
	
	author = {Li, Zhenyu and Wang, Xuyang and Liu, Xianming and Jiang, Junjun},
	
	keywords = {Computer Vision and Pattern Recognition (cs.CV), FOS: Computer and information sciences, FOS: Computer and information sciences},
	
	title = {BinsFormer: Revisiting Adaptive Bins for Monocular Depth Estimation},
	
	publisher = {arXiv},
	
	year = {2022},
	
	copyright = {Creative Commons Attribution 4.0 International}
}


@article{intrinsic-image,
	author = {Barrow, Harry and Tenenbaum, J.},
	year = {1978},
	month = {01},
	pages = {},
	title = {Recovering Intrinsic Scene Characteristics from Images},
	journal = {Recovering Intrinsic Scene Characteristics from Images}
}


@article{berhu-loss,
	author = {Owen, Art},
	year = {2007},
	month = {01},
	pages = {},
	title = {A robust hybrid of lasso and ridge regression},
	volume = {443},
	isbn = {9780821841952},
	journal = {Contemp. Math.},
	doi = {10.1090/conm/443/08555}
}