@INPROCEEDINGS{Holzer.S,
	author={Holzer, S. and Rusu, R. B. and Dixon, M. and Gedikli, S. and Navab, N.},
	booktitle={2012 IEEE/RSJ International Conference on Intelligent Robots and Systems}, 
	title={Adaptive neighborhood selection for real-time surface normal estimation from organized point cloud data using integral images}, 
	year={2012},
	volume={},
	number={},
	pages={2684-2689},
	doi={10.1109/IROS.2012.6385999}}

@misc{zhou2021fast,
	title={Fast and Accurate Normal Estimation for Point Cloud via Patch Stitching}, 
	author={Jun Zhou and Wei Jin and Mingjie Wang and Xiuping Liu and Zhiyang Li and Zhaobin Liu},
	year={2021},
	eprint={2103.16066},
	archivePrefix={arXiv},
	primaryClass={cs.CV}
}


@InProceedings{Ben-Shabat_2019_CVPR,
	author = {Ben-Shabat, Yizhak and Lindenbaum, Michael and Fischer, Anath},
	title = {Nesti-Net: Normal Estimation for Unstructured 3D Point Clouds Using Convolutional Neural Networks},
	booktitle = {Proceedings of the IEEE/CVF Conference on Computer Vision and Pattern Recognition (CVPR)},
	month = {June},
	year = {2019}
}


@misc{gconv,
	doi = {10.48550/ARXIV.1806.03589},
	url = {https://arxiv.org/abs/1806.03589},
	author = {Yu, Jiahui and Lin, Zhe and Yang, Jimei and Shen, Xiaohui and Lu, Xin and Huang, Thomas},
	keywords = {Computer Vision and Pattern Recognition (cs.CV), Graphics (cs.GR), Machine Learning (cs.LG), FOS: Computer and information sciences, FOS: Computer and information sciences},
	title = {Free-Form Image Inpainting with Gated Convolution},
	publisher = {arXiv},
	year = {2018},
	copyright = {arXiv.org perpetual, non-exclusive license}
}



@article{einstein,
	author =       "Albert Einstein",
	title =        "{Zur Elektrodynamik bewegter K{\"o}rper}. ({German})
	[{On} the electrodynamics of moving bodies]",
	journal =      "Annalen der Physik",
	volume =       "322",
	number =       "10",
	pages =        "891--921",
	year =         "1905",
	DOI =          "http://dx.doi.org/10.1002/andp.19053221004",
	keywords =     "physics"
}

@book{dirac,
	title={The Principles of Quantum Mechanics},
	author={Paul Adrien Maurice Dirac},
	isbn={9780198520115},
	series={International series of monographs on physics},
	year={1981},
	publisher={Clarendon Press},
	keywords = {physics}
}

@book{latexcompanion,
	author    = "Michel Goossens and Frank Mittelbach and Alexander Samarin",
	title     = "The \LaTeX\ Companion",
	year      = "1993",
	publisher = "Addison-Wesley",
	address   = "Reading, Massachusetts",
	keywords  = "latex"
}

@online{knuthwebsite,
	author    = "Donald Knuth",
	title     = "Knuth: Computers and Typesetting",
	url       = "http://www-cs-faculty.stanford.edu/~uno/abcde.html",
	addendum = "(accessed: 01.09.2016)",
	keywords  = "latex,knuth"
}

@inbook{knuth-fa,
	author = "Donald E. Knuth",
	title = "Fundamental Algorithms",
	publisher = "Addison-Wesley",
	year = "1973",
	chapter = "1.2",
	keywords  = "knuth,programming"
}

@book{knuth-acp,
	author = "Donald E. Knuth",
	publisher = "Addison-Wesley",
	title = "The Art of Computer Programming",
	series = "Four volumes",
	year = "1968",
	note = "Seven volumes planned",
	keywords  = "knuth,programming"
}

@article{ctan,
	author  = "George D. Greenwade",
	title   = "The {C}omprehensive {T}ex {A}rchive {N}etwork ({CTAN})",
	year    = "1993",
	journal = "TUGBoat",
	volume  = "14",
	number  = "3",
	pages   = "342--351",
	keywords  = "latex"
}


@misc{gated_activation,
	doi = {10.48550/ARXIV.1606.05328},
	
	url = {https://arxiv.org/abs/1606.05328},
	
	author = {Oord, Aaron van den and Kalchbrenner, Nal and Vinyals, Oriol and Espeholt, Lasse and Graves, Alex and Kavukcuoglu, Koray},
	
	keywords = {Computer Vision and Pattern Recognition (cs.CV), Machine Learning (cs.LG), FOS: Computer and information sciences, FOS: Computer and information sciences},
	
	title = {Conditional Image Generation with PixelCNN Decoders},
	
	publisher = {arXiv},
	
	year = {2016},
	
	copyright = {arXiv.org perpetual, non-exclusive license}
}


@article{lstm,
	author = {Hochreiter, Sepp and Schmidhuber, JÃ¼rgen},
	year = {1997},
	month = {12},
	pages = {1735-80},
	title = {Long Short-term Memory},
	volume = {9},
	journal = {Neural computation},
	doi = {10.1162/neco.1997.9.8.1735}
}


@misc{gru,
	doi = {10.48550/ARXIV.1409.1259},
	
	url = {https://arxiv.org/abs/1409.1259},
	
	author = {Cho, Kyunghyun and van Merrienboer, Bart and Bahdanau, Dzmitry and Bengio, Yoshua},
	
	keywords = {Computation and Language (cs.CL), Machine Learning (stat.ML), FOS: Computer and information sciences, FOS: Computer and information sciences},
	
	title = {On the Properties of Neural Machine Translation: Encoder-Decoder Approaches},
	
	publisher = {arXiv},
	
	year = {2014},
	
	copyright = {arXiv.org perpetual, non-exclusive license}
}


@misc{pncnn,
	doi = {10.48550/ARXIV.2006.03349},
	
	url = {https://arxiv.org/abs/2006.03349},
	
	author = {Eldesokey, Abdelrahman and Felsberg, Michael and Holmquist, Karl and Persson, Mikael},
	
	keywords = {Computer Vision and Pattern Recognition (cs.CV), Machine Learning (cs.LG), FOS: Computer and information sciences, FOS: Computer and information sciences},
	
	title = {Uncertainty-Aware CNNs for Depth Completion: Uncertainty from Beginning to End},
	
	publisher = {arXiv},
	
	year = {2020},
	
	copyright = {arXiv.org perpetual, non-exclusive license}
}

@article{ncnn,
	doi = {10.1109/tpami.2019.2929170},
	
	url = {https://doi.org/10.1109%2Ftpami.2019.2929170},
	
	year = 2020,
	month = {oct},
	
	publisher = {Institute of Electrical and Electronics Engineers ({IEEE})},
	
	volume = {42},
	
	number = {10},
	
	pages = {2423--2436},
	
	author = {Abdelrahman Eldesokey and Michael Felsberg and Fahad Shahbaz Khan},
	
	title = {Confidence Propagation through {CNNs} for Guided Sparse Depth Regression},
	
	journal = {{IEEE} Transactions on Pattern Analysis and Machine Intelligence}
}


@INPROCEEDINGS{inpainting1,
	author={Yang, Na-Eun and Kim, Yong-Gon and Park, Rae-Hong},
	booktitle={2012 IEEE International Conference on Signal Processing, Communication and Computing (ICSPCC 2012)}, 
	title={Depth hole filling using the depth distribution of neighboring regions of depth holes in the Kinect sensor}, 
	year={2012},
	volume={},
	number={},
	pages={658-661},
	doi={10.1109/ICSPCC.2012.6335696}}


@article{inpainting2,
	title = {Structure guided fusion for depth map inpainting},
	journal = {Pattern Recognition Letters},
	volume = {34},
	number = {1},
	pages = {70-76},
	year = {2013},
	note = {Extracting Semantics from Multi-Spectrum Video},
	issn = {0167-8655},
	doi = {https://doi.org/10.1016/j.patrec.2012.06.003},
	url = {https://www.sciencedirect.com/science/article/pii/S0167865512001912},
	author = {Fei Qi and Junyu Han and Pengjin Wang and Guangming Shi and Fu Li},
	keywords = {Depth map, Inpainting, Information fusion, Non-local means, Kinect},
}

@INPROCEEDINGS{nconv,
	author={Knutsson, H. and Westin, C.-F.},
	booktitle={Proceedings of IEEE Conference on Computer Vision and Pattern Recognition}, 
	title={Normalized and differential convolution}, 
	year={1993},
	volume={},
	number={},
	pages={515-523},
	doi={10.1109/CVPR.1993.341081}}